@online{site:nome_identificativo,
    title   = {Titolo che vuoi dare},
    url     = {http://iltuosito.com/}
}

@online{kubePodLifecycle,
  author = {Google Inc.},
  title = {{Kubernetes Pod lifecycle} official documentation},
  year = 2018,
  url = {https://kubernetes.io/docs/concepts/workloads/pods/pod-lifecycle/},
  urldate = {27-09-2018}
}