@inproceedings{kotulski2017end,
  title={On end-to-end approach for slice isolation in 5G networks. Fundamental challenges},
  author={Kotulski, Zbigniew and Nowak, Tomasz and Sepczuk, Mariusz and Tunia, Marcin and Artych, Rafal and Bocianiak, Krzysztof and Osko, Tomasz and Wary, Jean-Philippe},
  booktitle={Computer Science and Information Systems (FedCSIS), 2017 Federated Conference on},
  pages={783--792},
  year={2017},
  organization={IEEE}
}

@article{alliance2016description,
  title={Description of network slicing concept},
  author={Alliance, NGMN},
  journal={NGMN 5G P},
  volume={1},
  year={2016}
}

@article{ordonez2017network,
  title={Network slicing for 5g with SDN/NFV: concepts, architectures and challenges},
  author={Ordonez-Lucena, Jose and Ameigeiras, Pablo and Lopez, Diego and Ramos-Munoz, Juan J and Lorca, Javier and Folgueira, Jesus},
  journal={arXiv preprint arXiv:1703.04676},
  year={2017}
}

@inproceedings{liu2014research,
  title={The research and implementation of cloud computing platform based on docker},
  author={Liu, Di and Zhao, Libin},
  booktitle={Wavelet Active Media Technology and Information Processing (ICCWAMTIP), 2014 11th International Computer Conference on},
  pages={475--478},
  year={2014},
  organization={IEEE}
}

@inproceedings{scheepers2014virtualization,
  title={Virtualization and containerization of application infrastructure: A comparison},
  author={Scheepers, Mathijs Jeroen},
  year={2014}
}

@article{eder2016hypervisor,
  title={Hypervisor-vs. container-based virtualization},
  author={Eder, Michael},
  journal={Future Internet (FI) and Innovative Internet Technologies and Mobile Communications (IITM)},
  volume={1},
  year={2016}
}

@article{chowdhury2009network,
  title={Network virtualization: state of the art and research challenges},
  author={Chowdhury, NM Mosharaf Kabir and Boutaba, Raouf},
  journal={IEEE Communications magazine},
  volume={47},
  number={7},
  year={2009},
  publisher={IEEE}
}

@article{mijumbi2016network,
  title={Network function virtualization: State-of-the-art and research challenges},
  author={Mijumbi, Rashid and Serrat, Joan and Gorricho, Juan-Luis and Bouten, Niels and De Turck, Filip and Boutaba, Raouf},
  journal={IEEE Communications Surveys \& Tutorials},
  volume={18},
  number={1},
  pages={236--262},
  year={2016},
  publisher={IEEE}
}

@inproceedings{iwamura2015ngmn,
  title={NGMN view on 5G architecture},
  author={Iwamura, Mikio},
  booktitle={Vehicular Technology Conference (VTC Spring), 2015 IEEE 81st},
  pages={1--5},
  year={2015},
  organization={IEEE}
}

@article{alliance20155g,
  title={5G white paper},
  author={Alliance, NGMN},
  journal={Next generation mobile networks, white paper},
  pages={1--125},
  year={2015}
}
